<record><leader>00000cas a22000007a 4500</leader><controlfield tag="001">12930791</controlfield><controlfield tag="008">851218d189u1985inuwr ne      0    0eng d</controlfield><datafield ind1=" " ind2=" " tag="010"><subfield code="a">sn 85048233 </subfield></datafield><datafield ind1=" " ind2=" " tag="040"><subfield code="a">NPI</subfield><subfield code="b">eng</subfield><subfield code="c">NPI</subfield><subfield code="d">OCLCQ</subfield></datafield><datafield ind1=" " ind2=" " tag="042"><subfield code="a">msc</subfield></datafield><datafield ind1="0" ind2="4" tag="245"><subfield code="a">The Fortville tribune.</subfield></datafield><datafield ind1=" " ind2=" " tag="260"><subfield code="a">Fortville, Ind. :</subfield><subfield code="b">Diversified Print. &amp; Pub. Co.</subfield></datafield><datafield ind1=" " ind2=" " tag="300"><subfield code="a">v. :</subfield><subfield code="b">ill. ;</subfield><subfield code="c">38-56 cm.</subfield></datafield><datafield ind1=" " ind2=" " tag="310"><subfield code="a">Weekly</subfield></datafield><datafield ind1="1" ind2=" " tag="362"><subfield code="a">Began in the mid-1890's.</subfield></datafield><datafield ind1="0" ind2=" " tag="362"><subfield code="a">-90th yr., no. 19 (Aug. 14, 1985).</subfield></datafield><datafield ind1=" " ind2=" " tag="500"><subfield code="a">Established by Robert Maranville.</subfield></datafield><datafield ind1=" " ind2=" " tag="500"><subfield code="a">"Independent" Cf. Miller, John W. Indiana newspaper bibliog.</subfield></datafield><datafield ind1=" " ind2=" " tag="588"><subfield code="a">Description based on: Vol. 21, no. 45 (Aug. 23, 1917).</subfield></datafield><datafield ind1=" " ind2=" " tag="752"><subfield code="a">United States</subfield><subfield code="b">Indiana</subfield><subfield code="c">Hancock</subfield><subfield code="d">Fortville.</subfield></datafield><datafield ind1="1" ind2=" " tag="029"><subfield code="a">AU@</subfield><subfield code="b">000025841352</subfield></datafield></record>